
    <zs:record>
      <zs:recordPacking>xml</zs:recordPacking>
      <zs:recordData>
        <record xmlns="http://www.loc.gov/MARC21/slim">
          <leader>00318nz a2200133 4500</leader>
          <controlfield tag="001">30002166</controlfield>
          <controlfield tag="003">RISM</controlfield>
          <controlfield tag="005">20121108</controlfield>
          <controlfield tag="008">121108n||az|||||||##########||||||||||||</controlfield>
          <datafield tag="043" ind1=" " ind2=" ">
            <subfield code="c">Sweden</subfield>
          </datafield>
          <datafield tag="110" ind1="2" ind2=" ">
            <subfield code="a">Gotlands länsbibliotek</subfield>
            <subfield code="c">Visby</subfield>
            <subfield code="g">S-VIs</subfield>
          </datafield>
          <datafield tag="410" ind1="2" ind2=" ">
            <subfield code="a">Stadsbiblioteket</subfield>
          </datafield>
          <datafield tag="580" ind1=" " ind2=" ">
            <subfield code="x">S-Skma</subfield>
            <subfield code="0">30002153</subfield>
          </datafield>
          <datafield tag="680" ind1="2" ind2=" ">
            <subfield code="i">Depositum in S-Skma.</subfield>
          </datafield>
          <idzebra xmlns="http://www.indexdata.dk/zebra/">
            <size>318</size>
            <score>707</score>
            <localnumber>829854</localnumber>
            <filename>sigla/sigla.mrc</filename>
          </idzebra>
        </record>
      </zs:recordData>
      <zs:recordPosition>13</zs:recordPosition>
    </zs:record>